% Antecedentes Internacionales

@article{Mestre,
    author        = {Mestre Maestre, Yeison Alfonso},
    title         = {Sistema Solar Fotovoltaico Aislado Para el Suministro de Energía Eléctrica a una vivienda Rural},
    journaltitle  = {Universidad Antonio Nariño},
    year          = {2020},
    %url           = {https://www.irjet.net/archives/V6/i3/IRJET-V6I3487.pdf}
}

@article{Dominguez,
    author        = {Domiguez Vargas, Michelle Carolina},
    title         = {Diseño de un Sistema de Generación Fotovoltaico Residencial Autónomo para el Consumo Nivel 1},
    journaltitle  = {Escuela Politécnica Nacional de Ecuador},
    year          = {2024},
    %url           = {https://ieeexplore.ieee.org/abstract/document/9490243}
}

@article{Puco,
    author        = {Puco Buenaño,Marco Antonio},
    title         = {Diseño de un sistema aislado para el uso en casas flotantes en la ciudad de Babahoyo},
    journaltitle = {Universidad Católica de Santiago de Guayaquil},
    year          = {2020},
    %url           = {https://www.sciencedirect.com/science/article/pii/B9780323857697000112}
}


%Antecedentes Nacionales

@article{Laureano,
    author        = {Laureano Oré, Carlos Brany},
    title         = {Análisis Comparativo de Rendimientos Entre un Sistema Fotovoltaico con Seguidor Solar de Doble Eje y un Distema Fotovoltaico de Montura Fija},
    journaltitle  = {Universidad Tecnológica del Perú},
    year          = {2023},
    %url           = {https://repositorioacademico.upc.edu.pe/handle/10757/628221}
}

@article{Guevara,
    author        = {Guevara Diaz, Ruel},
    title         = {Análisis Costo Beneficio Del Sistema Fotovoltáico Monofásico Conectado a la Red},
    journaltitle  = {Universidad Nacional Toribio Rodríguez de Mendoza de Amazonas},
    year          = {2021},
    %url           = {https://repositorio.urp.edu.pe/handle/20.500.14138/3647}
}

@article{Correa,
    author        = {Correa Cervantes, José Alfonso and Siesquen Rivadeneira, Jorim Ysrael},
    title         = {Diseño de un Sistema Fotovoltaico con Seguidor Solar para Sistema de Telecomunicación de las Subestaciones Sector Norte},
    journaltitle  = {Universidad Cesar Vallejo},
    year          = {2022},
    %url           = {https://tesis.usat.edu.pe/handle/20.500.12423/4061}
}


% Otras referencias

@article{CONADIS,
    author        = {CONADIS},
    title         = {Resolución de Presidencia Nº 015-2018-CONADIS/PRE},
    journaltitle  = {conadis.com},
    year          = {2018},
    %url           = {https://www.conadisperu.gob.pe/wp-content/uploads/2018/02/RP-015-2018.pdf}
}

